@String(PAMI = {IEEE Trans. Pattern Anal. Mach. Intell.})
@String(IJCV = {Int. J. Comput. Vis.})
@String(CVPR= {IEEE Conf. Comput. Vis. Pattern Recog.})
@String(ICCV= {Int. Conf. Comput. Vis.})
@String(ECCV= {Eur. Conf. Comput. Vis.})
@String(NIPS= {Adv. Neural Inform. Process. Syst.})
@String(ICPR = {Int. Conf. Pattern Recog.})
@String(BMVC= {Brit. Mach. Vis. Conf.})
@String(TOG= {ACM Trans. Graph.})
@String(TIP  = {IEEE Trans. Image Process.})
@String(TVCG  = {IEEE Trans. Vis. Comput. Graph.})
@String(TMM  = {IEEE Trans. Multimedia})
@String(ACMMM= {ACM Int. Conf. Multimedia})
@String(ICME = {Int. Conf. Multimedia and Expo})
@String(ICASSP=	{ICASSP})
@String(ICIP = {IEEE Int. Conf. Image Process.})
@String(ACCV  = {ACCV})
@String(ICLR = {Int. Conf. Learn. Represent.})
@String(IJCAI = {IJCAI})
@String(PR   = {Pattern Recognition})
@String(AAAI = {AAAI})
@String(CVPRW= {IEEE Conf. Comput. Vis. Pattern Recog. Worksh.})
@String(CSVT = {IEEE Trans. Circuit Syst. Video Technol.})

@String(SPL	= {IEEE Sign. Process. Letters})
@String(VR   = {Vis. Res.})
@String(JOV	 = {J. Vis.})
@String(TVC  = {The Vis. Comput.})
@String(JCST  = {J. Comput. Sci. Tech.})
@String(CGF  = {Comput. Graph. Forum})
@String(CVM = {Computational Visual Media})


@String(PAMI  = {IEEE TPAMI})
@String(IJCV  = {IJCV})
@String(CVPR  = {CVPR})
@String(ICCV  = {ICCV})
@String(ECCV  = {ECCV})
@String(NIPS  = {NeurIPS})
@String(ICPR  = {ICPR})
@String(BMVC  =	{BMVC})
@String(TOG   = {ACM TOG})
@String(TIP   = {IEEE TIP})
@String(TVCG  = {IEEE TVCG})
@String(TCSVT = {IEEE TCSVT})
@String(TMM   =	{IEEE TMM})
@String(ACMMM = {ACM MM})
@String(ICME  =	{ICME})
@String(ICASSP=	{ICASSP})
@String(ICIP  = {ICIP})
@String(ACCV  = {ACCV})
@String(ICLR  = {ICLR})
@String(IJCAI = {IJCAI})
@String(PR = {PR})
@String(AAAI = {AAAI})
@String(CVPRW= {CVPRW})
@String(CSVT = {IEEE TCSVT})

@article{wei2019survey,
  title     = {A Survey on Fine-grained Visual Categorization},
  author    = {Wei, Xiaosong and Luo, Jianping and Xu, Zhiyong and Ji, Qiang},
  journal   = {International Journal of Computer Vision},
  volume    = {127},
  number    = {6},
  pages     = {666-693},
  year      = {2019},
  publisher = {Springer}
}

@inproceedings{van2018inaturalist,
  title     = {The iNaturalist Species Classification and Detection Dataset},
  author    = {Van Horn, Grant and Mac Aodha, Oisin and Song, Yang and Cui, Yin and Sun, Chen and Shepard, Alex and Adam, Hartwig and Perona, Pietro and Belongie, Serge},
  booktitle = {Proceedings of the IEEE conference on Computer Vision and Pattern Recognition},
  pages     = {8769--8778},
  year      = {2018}
}

@inproceedings{krause2016unreasonable,
  title        = {The Unreasonable Effectiveness of Convolutional Neural Networks in Population Genetic Inference},
  author       = {Krause, Jonathan and Stark, Maximilian and Deng, Jia and Fei-Fei, Li},
  booktitle    = {Molecular Biology and Evolution},
  year         = {2016},
  organization = {Oxford University Press}
}
@article{lin2015bilinear,
  title   = {Bilinear CNN models for fine-grained visual recognition},
  author  = {Lin, Tsung-Yu and RoyChowdhury, Aruni and Maji, Subhransu},
  journal = {Proceedings of the IEEE international conference on computer vision},
  pages   = {1449--1457},
  year    = {2015}
}

@inproceedings{zhang2016spda,
  title     = {SPDA-CNN: Unifying Semantic Part Detection and Abstraction for Fine-grained Recognition},
  author    = {Zhang, Xiaopeng and Yang, Hongkai and Han, Zhen and Wang, Heng and Gao, Changxin},
  booktitle = {Proceedings of the IEEE conference on computer vision and pattern recognition},
  pages     = {1143--1152},
  year      = {2016}
}

@article{zhou2016learning,
  title   = {Learning deep features for discriminative localization},
  author  = {Zhou, Bolei and Khosla, Aditya and Lapedriza, Agata and Oliva, Aude and Torralba, Antonio},
  journal = {Proceedings of the IEEE conference on computer vision and pattern recognition},
  pages   = {2921--2929},
  year    = {2016}
}

@inproceedings{wang2018learning,
  title     = {Learning fine-grained image similarity with deep ranking},
  author    = {Wang, Jiang and Song, Yang and Leung, Thomas and Rosenberg, Chuck and Wang, Jingbin and Philbin, James and Chen, Bo and Wu, Ying},
  booktitle = {Proceedings of the IEEE Conference on Computer Vision and Pattern Recognition},
  pages     = {1386--1393},
  year      = {2014}
}
@article{kingma2014adam,
  title   = {Adam: A method for stochastic optimization},
  author  = {Kingma, Diederik P and Ba, Jimmy},
  journal = {arXiv preprint arXiv:1412.6980},
  year    = {2014}
}

@article{ng2004feature,
  title   = {Feature selection, L1 vs. L2 regularization, and rotational invariance},
  author  = {Ng, Andrew Y},
  journal = {Proceedings of the twenty-first international conference on Machine learning},
  pages   = {78},
  year    = {2004}
}

@article{kohavi1995study,
  title   = {A study of cross-validation and bootstrap for accuracy estimation and model selection},
  author  = {Kohavi, Ron},
  journal = {Ijcai},
  volume  = {14},
  pages   = {1137--1145},
  year    = {1995}
}

@article{shorten2019survey,
  title     = {A survey on image data augmentation for deep learning},
  author    = {Shorten, Connor and Khoshgoftaar, Taghi M},
  journal   = {Journal of big data},
  volume    = {6},
  number    = {1},
  pages     = {60},
  year      = {2019},
  publisher = {Springer}
}

@article{radford2015unsupervised,
  title   = {Unsupervised representation learning with deep convolutional generative adversarial networks},
  author  = {Radford, Alec and Metz, Luke and Chintala, Soumith},
  journal = {arXiv preprint arXiv:1511.06434},
  year    = {2015}
}

@article{dosovitskiy2020image,
  title   = {An image is worth 16x16 words: Transformers for image recognition at scale},
  author  = {Dosovitskiy, Alexey and Beyer, Lucas and Kolesnikov, Alexander and Weissenborn, Dirk and Zhai, Xiaohua and Unterthiner, Thomas and Dehghani, Mostafa and Minderer, Matthias and Heigold, Georg and Gelly, Sylvain and others},
  journal = {arXiv preprint arXiv:2010.11929},
  year    = {2020}
}

@article{bergstra2012random,
  title   = {Random search for hyper-parameter optimization},
  author  = {Bergstra, James and Bengio, Yoshua},
  journal = {Journal of Machine Learning Research},
  volume  = {13},
  number  = {Feb},
  pages   = {281--305},
  year    = {2012}
}

@book{zhou2012ensemble,
  title     = {Ensemble methods: foundations and algorithms},
  author    = {Zhou, Zhi-Hua},
  year      = {2012},
  publisher = {Chapman and Hall/CRC}
}

@article{vaswani2017attention,
  title   = {Attention is all you need},
  author  = {Vaswani, Ashish and Shazeer, Noam and Parmar, Niki and Uszkoreit, Jakob and Jones, Llion and Gomez, Aidan N and Kaiser, ≈Åukasz and Polosukhin, Illia},
  journal = {Advances in neural information processing systems},
  volume  = {30},
  year    = {2017}
}
@article{wah2011caltech,
  title   = {The Caltech-UCSD Birds-200-2011 Dataset},
  author  = {Wah, Catherine and Branson, Steve and Welinder, Peter and Perona, Pietro and Belongie, Serge},
  journal = {California Institute of Technology},
  year    = {2011}
}


@article{he2016deep,
  title   = {Deep residual learning for image recognition},
  author  = {He, Kaiming and Zhang, Xiangyu and Ren, Shaoqing and Sun, Jian},
  journal = {Proceedings of the IEEE conference on computer vision and pattern recognition},
  pages   = {770--778},
  year    = {2016}
}

@article{dosovitskiy2021an,
  title   = {An Image is Worth 16x16 Words: Transformers for Image Recognition at Scale},
  author  = {Dosovitskiy, Alexey and Beyer, Lucas and Kolesnikov, Alexander and Weissenborn, Dirk and Zhai, Xiaohua and Unterthiner, Thomas and Dehghani, Mostafa and Minderer, Matthias and Heigold, Georg and Gelly, Sylvain and others},
  journal = {International Conference on Learning Representations},
  year    = {2021}
}

@article{powers2011evaluation,
  title   = {Evaluation: from precision, recall and F-measure to ROC, informedness, markedness and correlation},
  author  = {Powers, David M},
  journal = {Journal of Machine Learning Technologies},
  volume  = {2},
  number  = {1},
  pages   = {37--63},
  year    = {2011}
}

@article{bengio2012practical,
  title     = {Practical recommendations for gradient-based training of deep architectures},
  author    = {Bengio, Yoshua},
  journal   = {Neural networks: Tricks of the trade},
  pages     = {437--478},
  publisher = {Springer},
  year      = {2012}
}



@article{goodfellow2014generative,
  title     = {Generative adversarial nets},
  author    = {Goodfellow, Ian J and Pouget-Abadie, Jean and Mirza, Mehdi and Xu, Bing and Warde-Farley, David and Ozair, Sherjil and Courville, Aaron and Bengio, Yoshua},
  booktitle = {Advances in neural information processing systems},
  volume    = {27},
  year      = {2014}
}

@article{radford2021learning,
  title   = {Learning transferable visual models from natural language supervision},
  author  = {Radford, Alec and Kim, Jong Wook and Hallacy, Chris and Ramesh, Aditya and Goh, Gabriel and Agarwal, Sandhini and Sastry, Girish and Askell, Amanda and Mishkin, Pamela and Clark, Jack and others},
  journal = {arXiv preprint arXiv:2103.00020},
  year    = {2021}
}
